@article{vilic2017dark,
  title={DARK WEB, CYBER TERRORISM AND CYBER WARFARE: DARK SIDE OF THE CYBERSPACE},
  author={VILI{\'C}, Vida M},
  journal={Balkan Social Science Review},
  volume={10},
  number={10},
  pages={7--25},
  year={2017}
}

@article{clarke2016risk,
  title={The Risk of Cyber War and Cyber Terrorism},
  author={Clarke, Richard A},
  journal={Journal of International Affairs},
  volume={70},
  number={1},
  pages={179},
  year={2016},
  publisher={Journal of International Affairs}
}

@article{kenney2015cyber,
  title={Cyber-terrorism in a post-stuxnet world},
  author={Kenney, Michael},
  journal={Orbis},
  volume={59},
  number={1},
  pages={111--128},
  year={2015},
  publisher={Elsevier}
}

@article{huang2018systematically,
  title={Systematically Understanding the Cyber Attack Business: A Survey},
  author={Huang, Keman and Siegel, Michael and Stuart, Madnick},
  journal={ACM Computing Surveys (CSUR)},
  volume={51},
  number={4},
  pages={70},
  year={2018},
  publisher={ACM}
}

@article{kovacs2018national,
  title={National Cyber Security as the Cornerstone of National Security},
  author={Kov{\'a}cs, L{\'a}szl{\'o}},
  journal={Land Forces Academy Review},
  volume={23},
  number={2},
  pages={113--120},
  year={2018},
  publisher={Sciendo}
}

@article{cook2018cross,
  title={Cross-Border Data Access and Active Cyber Defense: Assessing Legislative Options for a New International Cybersecurity Rulebook},
  author={Cook, Chris},
  journal={Stan. L. \& Pol'y Rev.},
  volume={29},
  pages={205},
  year={2018},
  publisher={HeinOnline}
}

@book{verton2003black,
  title={Black ice: The invisible threat of cyber-terrorism},
  author={Verton, Dan and Brownlow, Jane},
  year={2003},
  publisher={Osborne}
}

@article{adams2001virtual,
  title={Virtual defense},
  author={Adams, James},
  journal={Foreign Affairs},
  pages={98--112},
  year={2001},
  publisher={JSTOR}
}


@article{Conducting&Writing,
title={LiteratureReview:Conducting&Writing-'https://libguides.uwf.edu/c.php?g=215199&p=1420520'}
}

@article{cruz2016systematic,
  title={Systematic literature review \& mapping},
  author={Cruz-Benito, Juan},
  year={2016}
}

@article{gross2016psychological,
  title={The psychological effects of cyber terrorism},
  author={Gross, Michael L and Canetti, Daphna and Vashdi, Dana R},
  journal={Bulletin of the Atomic Scientists},
  volume={72},
  number={5},
  pages={284--291},
  year={2016},
  publisher={Taylor \& Francis}
}

@article{saidi2017approaches,
  title={Approaches to analyze cyber terrorist communities: Survey and challenges},
  author={Saidi, Firas and Trabelsi, Zouheir and Salah, Khaled and Ghezala, Henda Ben},
  journal={Computers \& Security},
  volume={66},
  pages={66--80},
  year={2017},
  publisher={Elsevier}
}

@article{johnson1996law,
  title={Law and borders: The rise of law in cyberspace},
  author={Johnson, David R and Post, David},
  journal={Stanford Law Review},
  pages={1367--1402},
  year={1996},
  publisher={JSTOR}
}

@article{denning2010terror,
  title={Terror’s web: How the internet is transforming terrorism},
  author={Denning, Dorothy E},
  journal={Handbook of internet crime},
  pages={194--213},
  year={2010},
  publisher={Cullompton: Willan Publishing}
}

@article{hua2013economic,
  title={The economic impact of cyber terrorism},
  author={Hua, Jian and Bapna, Sanjay},
  journal={The Journal of Strategic Information Systems},
  volume={22},
  number={2},
  pages={175--186},
  year={2013},
  publisher={Elsevier}
}

@article{lenain2002economic,
  title={The economic consequences of terrorism},
  author={Lenain, Patrick and Bonturi, Marcos and Koen, Vincent},
  year={2002},
  publisher={OECD Publishing}
}

@article{sullivan2017cyber,
  title={How cyber-attacks in Ukraine show the vulnerability of the US power grid},
  author={Sullivan, Julia E and Kamensky, Dmitriy},
  journal={The Electricity Journal},
  volume={30},
  number={3},
  pages={30--35},
  year={2017},
  publisher={Elsevier}
}

@article{gandhi2011dimensions,
  title={Dimensions of cyber-attacks: Cultural, social, economic, and political},
  author={Gandhi, Robin and Sharma, Anup and Mahoney, William and Sousan, William and Zhu, Qiuming and Laplante, Phillip},
  journal={IEEE Technology and Society Magazine},
  volume={30},
  number={1},
  pages={28--38},
  year={2011},
  publisher={IEEE}
}

@book{lewis2002assessing,
  title={Assessing the risks of cyber terrorism, cyber war and other cyber threats},
  author={Lewis, James Andrew},
  year={2002},
  publisher={Center for Strategic \& International Studies Washington, DC}
}